<?xml version="1.0" encoding="UTF-8"?><collection xmlns="http://www.loc.gov/MARC21/slim"><record><leader>00389nam--2200133-i-4500</leader><controlfield tag="001">000016875</controlfield><controlfield tag="002">20161230</controlfield><controlfield tag="005">20170207002029</controlfield><controlfield tag="008">060222s1000------------r-----000-0-eng-d</controlfield><datafield ind1=" " ind2=" " tag="245"><subfield code="a">Discusion meeting on petra experiments frascati, March 1-5, 1976</subfield></datafield><datafield ind1=" " ind2=" " tag="260"><subfield code="a">Hamburg</subfield><subfield code="b">Deutsches Elektronen-Synchrotron</subfield><subfield code="c">1976</subfield></datafield><datafield ind1=" " ind2=" " tag="300"><subfield code="a">/P.Dif.</subfield></datafield><datafield ind1=" " ind2=" " tag="852"><subfield code="a">621.384.6(061.3)</subfield></datafield><datafield ind1=" " ind2=" " tag="CAT"><subfield code="a">SYS</subfield><subfield code="c">20170207</subfield><subfield code="h">002029</subfield></datafield></record></collection>